@book{pressman2014,
  author    = {Roger S. Pressman},
  title     = {Software Engineering: A Practitioner's Approach},
  publisher = {McGraw-Hill Education},
  year      = {2014},
  edition   = {8}
}

@article{otop2020,
  author  = {Department of Community Development},
  title   = {OTOP Development Report: Local Community Products and Marketing},
  journal = {OTOP Journal},
  year    = {2020},
  volume  = {5},
  number  = {2},
  pages   = {10--15}
}

@online{promptpay2021,
  author  = {Bank of Thailand},
  title   = {PromptPay: Thailand's National E-Payment System},
  year    = {2021},
  url     = {https://www.bot.or.th/English/PaymentSystems/PromptPay}
}

@inproceedings{ecommerce2019,
  author    = {Somsak Chaiyasit and Nattapong Wong},
  title     = {Design of E-Commerce Platform for Local SMEs in Thailand},
  booktitle = {Proceedings of the 2019 International Conference on E-Business},
  year      = {2019},
  pages     = {45--52}
}